@inproceedings{flores2016weallwalk,
  title={WeAllWalk: An Annotated Data Set of Inertial Sensor Time Series from Blind Walkers},
  author={Flores, German H and Manduchi, Roberto},
  booktitle={Proceedings of the 18th International ACM SIGACCESS Conference on Computers and Accessibility},
  pages={141--150},
  year={2016},
  organization={ACM}
}

@article{gers1999learning,
  title={Learning to forget: Continual prediction with LSTM},
  author={Gers, Felix A and Schmidhuber, Jurgen and Cummins, Fred},
  year={1999},
  publisher={IET}
}

@article{naqvib2012step,
  title={Step counting using smartphone-based accelerometer},
  author={Naqvib, Najme Zehra and Kumar, Ashwani and Chauhan, Aanchal and Sahni, Kritka},
  journal={International Journal on Computer Science and Engineering},
  volume={4},
  number={5},
  pages={675},
  year={2012},
  publisher={Engg Journals Publications}
}

@inproceedings{brajdic2013walk,
  title={Walk detection and step counting on unconstrained smartphones},
  author={Brajdic, Agata and Harle, Robert},
  booktitle={Proceedings of the 2013 ACM international joint conference on Pervasive and ubiquitous computing},
  pages={225--234},
  year={2013},
  organization={ACM}
}

@inproceedings{edel2015advanced,
  title={An advanced method for pedestrian dead reckoning using BLSTM-RNNs},
  author={Edel, Marcus and Koppe, Enrico},
  booktitle={Indoor Positioning and Indoor Navigation (IPIN), 2015 International Conference on},
  pages={1--6},
  year={2015},
  organization={IEEE}
}

@inproceedings{alzantot2012uptime,
  title={UPTIME: Ubiquitous pedestrian tracking using mobile phones},
  author={Alzantot, Moustafa and Youssef, Moustafa},
  booktitle={Wireless Communications and Networking Conference (WCNC), 2012 IEEE},
  pages={3204--3209},
  year={2012},
  organization={IEEE}
}

@inproceedings{tomlein2012advanced,
  title={Advanced Pedometer for Smartphone-based Activity Tracking.},
  author={Tomlein, Michal and Bielik, Pavol and Kratky, Peter and Mitrik, Stefan and Barla, Michal and Bielikova, Maria},
  booktitle={HEALTHINF},
  pages={401--404},
  year={2012}
}

@inproceedings{oshin2013ersp,
  title={ERSP: An energy-efficient real-time smartphone pedometer},
  author={Oshin, Thomas Olutoyin and Poslad, Stefan},
  booktitle={Systems, Man, and Cybernetics (SMC), 2013 IEEE International Conference on},
  pages={2067--2072},
  year={2013},
  organization={IEEE}
}

@article{case2015accuracy,
  title={Accuracy of smartphone applications and wearable devices for tracking physical activity data},
  author={Case, Meredith A and Burwick, Holland A and Volpp, Kevin G and Patel, Mitesh S},
  journal={Jama},
  volume={313},
  number={6},
  pages={625--626},
  year={2015},
  publisher={American Medical Association}
}

@article{haegele2015validation,
  title={Validation of a Talking Pedometer for Adolescents with Visual Impairments in Free-Living Conditions.},
  author={Haegele, Justin A and Porretta, David L},
  journal={Journal of Visual Impairment \& Blindness},
  volume={109},
  number={3},
  pages={219--223},
  year={2015},
  publisher={ERIC}
}

@article{holbrook2011validation,
  title={Validation of a talking pedometer for adults with visual impairment},
  author={Holbrook, Elizabeth Ackley and Stevens, Sandy L and Kang, Minsoo and Morgan, Don W},
  journal={Medicine \& Science in Sports \& Exercise},
  volume={43},
  number={6},
  pages={1094--1099},
  year={2011},
  publisher={LWW}
}

@inproceedings{mannini2011hidden,
  title={A hidden Markov model-based technique for gait segmentation using a foot-mounted gyroscope},
  author={Mannini, Andrea and Sabatini, Angelo Maria},
  booktitle={Engineering in Medicine and Biology Society, EMBC, 2011 Annual International Conference of the IEEE},
  pages={4369--4373},
  year={2011},
  organization={IEEE}
}

@article{zaremba2014recurrent,
  title={Recurrent neural network regularization},
  author={Zaremba, Wojciech and Sutskever, Ilya and Vinyals, Oriol},
  journal={arXiv preprint arXiv:1409.2329},
  year={2014}
}

@inproceedings{jayalath2013gyroscope,
  title={A gyroscope based accurate pedometer algorithm},
  author={Jayalath, Sampath and Abhayasinghe, Nimsiri and Murray, Iain},
  booktitle={International Conference on Indoor Positioning and Indoor Navigation},
  volume={28},
  pages={31st},
  year={2013}
}

@inproceedings{ahmetovic2016navcog,
  title={NavCog: a navigational cognitive assistant for the blind},
  author={Ahmetovic, Dragan and Gleason, Cole and Ruan, Chengxiong and Kitani, Kris and Takagi, Hironobu and Asakawa, Chieko},
  booktitle={Proceedings of the 18th International Conference on Human-Computer Interaction with Mobile Devices and Services},
  pages={90--99},
  year={2016},
  organization={ACM}
}

@inproceedings{coughlan2006cell,
  title={Cell phone-based wayfinding for the visually impaired},
  author={Coughlan, James and Manduchi, Roberto and Shen, Huiying},
  booktitle={1st International Workshop on Mobile Vision},
  pages={1--15},
  year={2006}
}

@inproceedings{ailisto2005identifying,
  title={Identifying people from gait pattern with accelerometers},
  author={Ailisto, Heikki J and Lindholm, Mikko and Mantyjarvi, Jani and Vildjiounaite, Elena and Makela, Satu-Marja},
  booktitle={Proc. SPIE},
  volume={5779},
  pages={7--14},
  year={2005}
}

@misc{wiki:pedometer,
   author = "Wikipedia",
   title = "Pedometer Wikipedia, The Free Encyclopedia",
   year = "2017",
   howpublished = {\url{https://en.wikipedia.org/wiki/Pedometer}},  
   note = "[Online; accessed 14-December-2017]"
 }

@misc{ wiki:tensorflow,
   author = "Wikipedia",
   title = "TensorFlow --- {W}ikipedia{,} The Free Encyclopedia",
   year = "2017",
   howpublished = {\url{https://en.wikipedia.org/wiki/TensorFlow}},  
   note = "[Online; accessed 14-December-2017]"
 }


@misc{tensorflow.org,
   author = "TensorFlow",
   title = "Programmer's Guide - Graphs and Sessions",
   year = "2017",
   howpublished = {\url{https://www.tensorflow.org/programmers_guide/graphs}},  
   note = "[Online; accessed 14-December-2017]"
 }



















