@inproceedings{flores2016weallwalk,
  title={WeAllWalk: An Annotated Data Set of Inertial Sensor Time Series from Blind Walkers},
  author={Flores, German H and Manduchi, Roberto},
  booktitle={Proceedings of the 18th International ACM SIGACCESS Conference on Computers and Accessibility},
  pages={141--150},
  year={2016},
  organization={ACM}
}